@article{KNN,
author = {Altman},
title = {An Introduction to Kernel and Nearest-Neighbor Nonparametric Regression},
journal = {The American Statistician},
url = {https://doi.org/10.2307/2685209},
year = {1992}
}


@article{NAFCHI2012162,
title = {A Set of Criteria for Face Detection Preprocessing},
journal = {Procedia Computer Science},
volume = {13},
pages = {162--170},
year = {2012}
}

@article{cnn,
author = {Baoye Song},
title = {Human face recognition based on convolutional neural network and augmented dataset},
journal = {Systems Science & Control Engineering An Open Access Journal},
year = {2010}
}

@article{4,
author = {Vapnik},
title = {Support-vector networks},
journal = {Mach Learn 20},
pages = {273--297},
url = {https://doi.org/10.1007/BF00994018},
year = {1995}
}

@misc{github,
  author = {ahmdrz},
  title = {faceutils},
  year = {2019},
  publisher = {GitHub},
  journal = {GitHub repository},
  howpublished = {\url{https://github.com/mrlathome/faceutils}}
}